<?xml version="1.0" encoding="utf-8"?>
<record xmlns="http://www.loc.gov/MARC21/slim" xmlns:xsi="http://www.w3.org/2001/XMLSchema-instance" xsi:schemaLocation="http://www.loc.gov/MARC21/slim http://www.loc.gov/standards/marcxml/schema/MARC21slim.xsd">
	<leader>     nam a22     Mi 4500</leader>
	<controlfield tag="001">1685138</controlfield>
	<controlfield tag="003">NjP</controlfield>
	<controlfield tag="006">m        d        </controlfield>
	<controlfield tag="007">cr cn |||m|||a</controlfield>
	<controlfield tag="008">210111s1953    ua      ob    001 0 arard</controlfield>
	<datafield ind1=" " ind2=" " tag="040">
		<subfield code="a">ZYU</subfield>
		<subfield code="b">ara</subfield>
		<subfield code="e">rda</subfield>
		<subfield code="c">ZYU</subfield>
	</datafield>
	<datafield ind1=" " ind2="4" tag="050">
		<subfield code="a">BP80.S48</subfield>
		<subfield code="b">I25 1953a</subfield>
	</datafield>
	<datafield ind1="1" ind2=" " tag="100">
		<subfield code="a">Ibn Abī Ḥātim, ʻAbd al-Raḥmān ibn Muḥammad,</subfield>
		<subfield code="d">854 or 855-938.</subfield>
	</datafield>
	<datafield ind1="1" ind2="0" tag="245">
		<subfield code="a">Ādāb al-Shāfiʻī wa-manāqibuh :</subfield>
		<subfield code="b">ḥadīthun wa-fiqhun. Firāstun wa-ṭibbun. Tārīkh wa-adabun. Lughatun wa-nasabun /</subfield>
		<subfield code="c">Abī Muḥammad ʻAbd al-Raḥmān ibn Abī Ḥatim al-Rāzī ; kataba kalimah ʻanhu Muḥammad Zāhid ibn al-Ḥasan al-Kawtharī ; qaddama lahu ; wa-ḥaqqaqa aṣlahu, wa-ʻallaqa ʻalayhi ʻAbd al-Ghanī ʻAbd al-Khāliq.</subfield>
	</datafield>
	<datafield ind1=" " ind2=" " tag="260">
		<subfield code="a">[Miṣr] :</subfield>
		<subfield code="b">Maktabat Nashr al-Thaqāfah al-Islāmīyah,</subfield>
		<subfield code="c">1382 [1953]</subfield>
	</datafield>
	<datafield ind1=" " ind2=" " tag="300">
		<subfield code="a">online resource (388 pages)</subfield>
	</datafield>
	<datafield ind1=" " ind2=" " tag="336">
		<subfield code="a">text</subfield>
		<subfield code="2">rdacontent</subfield>
	</datafield>
	<datafield ind1=" " ind2=" " tag="337">
		<subfield code="a">computer</subfield>
		<subfield code="2">rdamedia</subfield>
	</datafield>
	<datafield ind1=" " ind2=" " tag="338">
		<subfield code="a">online resource</subfield>
		<subfield code="2">rdacarrier</subfield>
	</datafield>
	<datafield ind1=" " ind2=" " tag="500">
		<subfield code="a">Part of the Arabic Collections Online (ACO) project, contributed by Princeton University Libraries.</subfield>
	</datafield>
	<datafield ind1=" " ind2=" " tag="504">
		<subfield code="a">Includes bibliographical references and indexes.</subfield>
	</datafield>
	<datafield ind1=" " ind2=" " tag="533">
		<subfield code="a">Electronic reproduction.</subfield>
		<subfield code="b">New York, N.Y. :</subfield>
		<subfield code="c">New York University,</subfield>
		<subfield code="d">2021.</subfield>
		<subfield code="5">NNU</subfield>
	</datafield>
	<datafield ind1="1" ind2="0" tag="600">
		<subfield code="a">Shāfiʻī, Muḥammad ibn Idrīs,</subfield>
		<subfield code="d">767 or 768-820</subfield>
		<subfield code="x">Criticism and interpretation.</subfield>
	</datafield>
	<datafield ind1="1" ind2="7" tag="600">
		<subfield code="a">Shāfiʻī, Muḥammad ibn Idrīs,</subfield>
		<subfield code="d">767 or 768-820.</subfield>
		<subfield code="2">fast</subfield>
		<subfield code="0">(OCoLC)fst01846928</subfield>
	</datafield>
	<datafield ind1=" " ind2="7" tag="655">
		<subfield code="a">Criticism, interpretation, etc.</subfield>
		<subfield code="2">fast</subfield>
		<subfield code="0">(OCoLC)fst01411635</subfield>
	</datafield>
	<datafield ind1="1" ind2=" " tag="700">
		<subfield code="a">ʻAbd al-Khāliq, ʻAbd al-Ghanī.</subfield>
	</datafield>
	<datafield ind1="2" ind2=" " tag="710">
		<subfield code="a">Princeton University.</subfield>
		<subfield code="b">Library.</subfield>
	</datafield>
	<datafield ind1="0" ind2=" " tag="730">
		<subfield code="a">Arabic Collections Online.</subfield>
	</datafield>
	<datafield ind1="0" ind2="8" tag="776">
		<subfield code="i">Print version:</subfield>
		<subfield code="a">Ibn Abī Ḥātim, ʻAbd al-Raḥmān ibn Muḥammad, 854 or 855-938.</subfield>
		<subfield code="t">Ādāb al-Shāfiʻī wa-manāqibuh</subfield>
		<subfield code="w">(NjP)1685138</subfield>
		<subfield code="w">(OCoLC)316086554</subfield>
	</datafield>
	<datafield ind1="4" ind2="0" tag="856">
		<subfield code="u">http://hdl.handle.net/2333.1/j3tx9h1v</subfield>
	</datafield>
	<datafield ind1=" " ind2=" " tag="959">
		<subfield code="a">NNU</subfield>
		<subfield code="b">WEB</subfield>
		<subfield code="c">GENI</subfield>
		<subfield code="t">0</subfield>
		<subfield code="m">Electronic access</subfield>
		<subfield code="s">01</subfield>
	</datafield>
	<datafield ind1=" " ind2=" " tag="999">
		<subfield code="i">NjP_1685138</subfield>
		<subfield code="o">(OCoLC)ocn316086554</subfield>
		<subfield code="s">princeton_aco004624:</subfield>
		<subfield code="e">(ERROR-880)</subfield>
	</datafield>
</record>
